
@article{EncuestaTIC,
  title={Encuesta sobre Equipamiento y Uso de Tecnologías de Información y 
Comunicación en los Hogares. },
  author={Instituto nacional de estadística},
  year={2016},
  URL = "http://www.ine.es/prensa/np991.pdf",
  note = "Último acceso: 2017-06-20"
}

@misc{InternetUsage,
  title = {INTERNET USAGE STATISTICS},
  howpublished = {\url{https://www.internetworldstats.com/stats.htm}},
  note = {Último acceso: 2017-06-20}
}

@misc{ArrayAdapter,
  title = {Using an ArrayAdapter with ListView},
  author={CodePath},
  year={2016},
  howpublished = {\url{https://github.com/codepath/android_guides/wiki/Using-an-ArrayAdapter-with-ListView}},
  note = {Último acceso: 2017-05-27}
}

@misc{Socket,
  title = {Sockets Tutorial},
  author={Linuxhowtos},
  year={2013},
  howpublished = {\url{http://www.linuxhowtos.org/C_C++/socket.htm}},
  note = {Último acceso: 2017-04-12}
}

@misc{Color,
  title = {Color palette},
  author={Google Inc.},
  year={2017},
  howpublished = {\url{https://material.io/guidelines/style/color.html#color-color-tool}},
  note = {Último acceso: 2017-05-14}
}

@misc{SDK,
  title = {Using the SDK},
  author={OpenWRT},
  year={2016},
  howpublished = {\url{https://wiki.openwrt.org/doc/howto/obtain.firmware.sdk}},
  note = {Último acceso: 2017-03-27}
}





