
@article{EncuestaTIC,
  title={Encuesta sobre Equipamiento y Uso de Tecnologías de Información y 
Comunicación en los Hogares. },
  author={Instituto nacional de estadística},
  year={2016},
  URL = "http://www.ine.es/prensa/np991.pdf",
  note = "Accessed: 2017-06-20"
}

@misc{InternetUsage,
  title = {INTERNET USAGE STATISTICS},
  howpublished = {\url{https://www.internetworldstats.com/stats.htm}},
  note = {Accessed: 2017-06-20}
}



